3076 5002
722 243 744 286 V

174 431 310 498 Nullam
332 429 466 495 existere
490 425 662 492 sectionem
685 421 842 488 limitibus
865 419 960 486 certis
984 426 1017 485 et
1046 413 1200 484 absolutis
1224 417 1361 483 circum·

17 571 21 608 ι
108 535 261 622 scriptam
281 533 430 620 plurimis
456 527 638 596 auctoribus
660 526 767 592 visum
790 535 856 602 est;
880 521 1042 611 speciebus
1065 520 1140 586 solis
1162 520 1363 585 characteres

17 671 21 710 ς
109 638 262 702 limitatus
285 637 445 723 pertinere
467 631 618 698 asseritur
630 653 639 709 ;
663 629 719 693 vix
741 638 849 693 autem
871 637 966 692 recte.
1022 624 1116 690 Notae
1136 622 1363 711 physiologicas

17 777 21 813 ÷
109 761 220 804 omnes
234 738 385 803 videntur
399 737 564 814 absoluta,
580 757 612 800 v.
629 755 678 820 gr.
698 730 871 796 soxualitas
886 738 919 794 et
938 728 1139 807 esexualitas,
1156 725 1364 812 eudogencsis

17 881 20 918 ς
109 853 143 905 et
156 843 351 927 exogenesis,
367 837 667 927 gymnospermesis,
683 844 765 908 etc.;
789 833 991 897 characteres
1010 853 1028 896 e
1048 839 1208 895 structura
1227 827 1364 894 derivati

17 985 19 1020 ς
110 944 171 1010 soli
186 954 262 1009 sunt
271 946 326 1030 qui
339 941 501 1008 vacillant.
549 940 605 1019 Hi,
621 936 847 1026 physiologicis
858 933 1034 1013 inferiores,
1046 932 1142 997 nixus
1153 931 1258 998 varios
1272 929 1365 1017 plun-

17 1091 19 1108 ;
111 1058 220 1112 tarum
243 1057 369 1111 tanturn
400 1045 596 1130 exprimunt,
620 1063 709 1106 nunc
736 1040 771 1104 in
795 1061 895 1104 unam
920 1037 1059 1123 speciem
1084 1033 1275 1100 evolutionis
1296 1045 1365 1098 ten-

113 1149 269 1227 dentium,
283 1148 414 1214 nuncin
426 1147 578 1223 alteram3
595 1145 709 1210 talium
718 1143 850 1230 quidam
862 1140 1065 1206 definitiones
1075 1137 1187 1214 nullae,
1197 1135 1367 1224 diagnoses

113 1251 188 1316 solae
203 1250 404 1316 adhibendae.
453 1249 579 1312 Horum
595 1249 731 1311 nixuum
753 1247 953 1311 characteres
967 1243 1013 1307 ita
1026 1241 1104 1306 dicti
1118 1240 1201 1305 nihil
1216 1251 1291 1304 sunt
1303 1239 1367 1304 nisi

113 1353 233 1418 indicia
255 1354 435 1418 formarum
458 1350 704 1438 praevalentium
728 1370 801 1434 quae
824 1348 859 1412 in
882 1348 967 1433 typis
990 1344 1221 1409 inveniuntur:
1256 1365 1367 1430 excep

17 1519 18 1524 ,
114 1456 254 1519 tionibus
269 1453 447 1532 abundant,
465 1461 487 1491 “
505 1452 546 1516 ad
559 1452 759 1516 characteres
774 1448 916 1528 autem,'’
933 1459 969 1512 ut
982 1447 1063 1512 bene
1079 1447 1160 1511 dixit
1169 1446 1366 1532 Agardhius,

118 1564 141 1594 “
157 1578 223 1620 non
237 1556 278 1620 ad
293 1556 485 1620 affinitatem
499 1553 765 1641 pertinentibus.''
811 1551 937 1616 Plantae
946 1572 1019 1636 quae
1030 1548 1109 1613 ideae
1121 1548 1216 1612 nixus
1228 1549 1369 1614 maxime

90 1668 192 1722 ⁴sunt
220 1659 400 1725 conformes
428 1657 666 1723 characteribus
690 1655 837 1721 sectionis
864 1653 996 1717 omnino
1023 1651 1271 1736 respondebunt,
1297 1673 1370 1738 quaa

115 1761 259 1824 maxime
279 1761 428 1826 aberrant
442 1761 562 1838 minus,
579 1761 645 1823 imo
660 1758 809 1836 minime,
832 1757 877 1821 sic
893 1753 1075 1840 Onagrales
1090 1775 1163 1838 quae
1178 1753 1371 1840 polypetalac

117 1873 195 1928 sunt
226 1863 423 1951 Halorageas
456 1861 734 1949 comprehendunt
763 1858 918 1945 apetalas,
950 1857 1156 1942 Ericalesque
1190 1855 1373 1944 hypogynae

118 1967 275 2030 Vaccinia
290 1966 437 2052 epigyna.
483 1965 612 2028 Talium
623 1963 772 2027 ordinum
788 1961 1005 2026 characterem
1015 1959 1156 2022 maxime
1171 1959 1373 2026 essentialem

119 2068 220 2132 latere
243 2069 391 2154 possibile
413 2077 481 2145 est3
506 2067 561 2132 sed
585 2088 685 2152 usque
705 2064 784 2130 dum
802 2063 917 2127 melior
934 2062 1113 2148 detegatur,
1137 2061 1223 2126 solus
1245 2072 1293 2126 est
1309 2085 1373 2148 quo

120 2180 261 2235 utamur.
308 2169 379 2234 Hoc
399 2182 507 2235 autem
528 2171 610 2234 mihi
627 2169 768 2234 maxime
788 2188 978 2254 persuasum
998 2164 1113 2244 habeo,
1135 2187 1211 2230 eum
1228 2165 1374 2230 laborem

123 2274 328 2338 Danaideum
354 2283 477 2338 tentare
503 2274 558 2359 qui
582 2271 742 2336 Naturam
769 2271 804 2334 in
829 2270 968 2336 externis
996 2267 1234 2333 immutabilem
1263 2267 1374 2354 depre-

121 2375 261 2440 hendere
277 2375 419 2440 molitur.

189 2478 437 2563 Dispositionem
453 2475 669 2540 dichotomam
692 2476 837 2538 omnium
857 2473 1133 2538 naturalissimam
1155 2493 1233 2552 esse,
1252 2483 1284 2538 et
1303 2477 1375 2539 uni-

123 2602 194 2645 cam
211 2602 320 2644 veram
336 2580 441 2666 posuit
457 2578 611 2654 Friesius;
628 2601 667 2642 cx
682 2578 744 2642 hac
758 2577 998 2664 quaternariam
1014 2576 1152 2641 derivari
1163 2575 1248 2662 apud
1264 2599 1376 2642 omnes

124 2692 261 2758 constat;
279 2682 434 2766 quinariae
449 2691 569 2758 autem,
582 2701 681 2766 quam
695 2680 869 2745 vindicavit
884 2680 1084 2745 acutissimus
1096 2679 1258 2767 Mecleay‚
1268 2702 1377 2745 noces-

124 2785 200 2847 sitas
222 2785 329 2848 minus
352 2784 522 2848 manifesta
544 2795 601 2861 est,
625 2784 794 2848 existentia
816 2785 882 2847 imo
903 2783 972 2869 ejus
990 2782 1046 2846 diu
1064 2804 1116 2846 me
1134 2783 1257 2870 effugit.
1313 2783 1377 2850 Fa·

124 2886 257 2950 tendum
273 2897 381 2952 autem
393 2900 451 2966 est,
462 2888 557 2952 series
572 2885 766 2951 affinitatum
777 2908 857 2972 quas
872 2887 906 2950 in
921 2896 1092 2972 systemate
1106 2896 1215 2950 nostro
1233 2887 1378 2953 maxime

125 3001 199 3052 sunt
214 2989 388 3069 naturales,
405 2992 519 3077 saepius
533 2991 568 3053 in
582 2989 728 3054 ordinem
744 2989 942 3074 quinarium,
959 3011 1011 3052 me
1027 2989 1139 3068 invito,
1156 2988 1316 3054 collocari.

166 3128 170 3138 ·
191 3091 337 3155 Circulos
356 3093 459 3179 magis
478 3093 626 3156 minusve
642 3091 767 3156 clausos
780 3113 872 3156 veras
888 3091 1058 3156 affinitates
1072 3090 1259 3176 plantarum
1273 3093 1379 3179 expri-

128 3213 226 3268 mere,
250 3204 287 3255 ut
310 3193 390 3256 bene
413 3195 558 3278 exposuit
574 3193 723 3272 FriesiuS,
744 3195 917 3280 saepissime
940 3194 1061 3272 inveni,
1084 3217 1143 3258 nec
1166 3193 1277 3259 dubito
1299 3195 1380 3280 quin

127 3316 239 3359 revera
250 3295 292 3358 sit
302 3295 371 3359 haec
382 3295 435 3358 lex
450 3295 614 3359 affinitatis
628 3296 711 3382 lapis
724 3296 841 3384 lydius.
888 3296 1107 3360 Nihilominus
1122 3296 1232 3360 circuli
1247 3297 1380 3382 plurimi

127 3396 245 3462 adsunt
267 3396 374 3461 adhuc
396 3397 672 3482 imperfectissimi,
696 3421 833 3486 quorum
858 3401 938 3465 forte
960 3401 1093 3486 quidam
1113 3420 1238 3484 semper
1258 3401 1380 3466 incom-

127 3500 205 3585 pleti
215 3500 307 3578 erint,
319 3522 358 3564 ex
374 3500 443 3586 ipsa
458 3522 566 3564 rerum
581 3513 711 3579 natura;
725 3502 792 3582 alii,
803 3514 835 3567 et
843 3504 987 3567 maxima
998 3525 1083 3588 pars,
1094 3524 1169 3566 mox
1180 3503 1380 3588 perficiendi,

126 3612 164 3666 ut
187 3603 385 3690 experientia
407 3603 596 3689 quotidiana
619 3605 736 3670 docuit.
784 3605 933 3670 Studium
960 3607 1001 3670 sit
1027 3605 1257 3670 Botanicorum
1281 3605 1384 3670 saltus

128 3704 198 3784 hos,
214 3707 266 3770 vel
281 3707 307 3769 si
322 3707 426 3771 mavis
442 3707 559 3787 hiatus,
575 3709 676 3794 perite
697 3708 839 3794 replere;
868 3708 913 3772 sic
934 3709 1020 3772 enim
1035 3707 1159 3772 labores
1174 3707 1207 3770 in
1223 3717 1381 3792 puuctum

129 3807 263 3870 unicum
285 3807 397 3874 directi
423 3809 464 3874 ad
487 3811 625 3874 scientiae
650 3811 877 3896 perlectionem
902 3811 1107 3897 pertinebunt
1119 3835 1127 3890 ;
1151 3810 1197 3874 sic
1220 3831 1296 3875 veru
1317 3829 1382 3874 sec·

130 3908 256 3972 tionum
273 3909 423 3996 dignitas,
440 3914 484 3977 sic
498 3936 583 3977 verae
602 3913 738 3977 nixuum
752 3913 922 3978 relationes
935 3913 1101 3998 patefactae
1118 3912 1212 3992 erint,
1232 3923 1264 3978 et
1277 3911 1383 4000 Regni

131 4007 328 4096 Vegetabilis
343 4012 489 4100 Systema
504 4037 622 4086 nomen
638 4015 801 4080 Naturale
810 4016 885 4102 jure
900 4016 959 4079 sibi
974 4015 1159 4080 vindicabit.
