3076 5002
153 1158 428 1226 Onnnrarrorvnu
449 1156 636 1245 plantarum
657 1156 840 1224 naturalem
862 1155 984 1225 dictam
1009 1179 1131 1247 magna
1152 1166 1244 1248 parte
1265 1160 1345 1226 arti·

86 1263 232 1329 ficiosam
246 1284 314 1329 esse
328 1261 477 1328 omnibus
491 1259 697 1326 notissimum
712 1272 771 1328 est.

153 1366 281 1432 Classes
302 1364 452 1452 equidem
475 1363 622 1450 primarii
646 1363 881 1431 characteribus
906 1363 1134 1452 physiologicis
1157 1365 1243 1448 freti,
1269 1387 1345 1432 vera

86 1469 253 1534 naturales
267 1466 411 1533 evadunt
420 1465 575 1552 basesque
589 1465 808 1532 immutabiles
819 1467 998 1555 systematis
1012 1469 1221 1534 constituunt.
1246 1467 1346 1534 Ordi-

88 1592 148 1636 nes
177 1571 287 1650 etiam,
321 1569 500 1656 specierum
529 1578 698 1634 structure
726 1569 938 1656 congruentia
972 1567 1170 1636 strictissime
1200 1571 1343 1651 limitati,

88 1673 234 1740 maxima
247 1695 306 1760 pro
320 1682 412 1760 parte
427 1670 590 1737 naturales
604 1681 691 1750 sunt,
706 1693 767 1736 nec
781 1693 895 1736 ansam
908 1671 1054 1759 praebent
1067 1672 1202 1740 censori.

154 1775 218 1842 Sed
233 1798 345 1842 omnes
359 1775 490 1862 reliqua
504 1772 746 1854 subdivisiones,
762 1795 835 1862 quae
850 1772 995 1839 medium
1009 1781 1120 1841 tenent
1133 1776 1218 1842 inter
1230 1775 1347 1845 classes

21 1883 32 1898 '
88 1889 122 1946 ct
140 1877 279 1958 ordines,
300 1879 351 1943 his
372 1877 561 1965 superiores,
584 1875 649 1942 illis
672 1877 848 1956 inferiores,
874 1877 1008 1942 omnino
1030 1877 1115 1943 veris
1136 1877 1347 1948 affinitatibus

88 1992 293 2070 repugnant3
324 2003 444 2069 genera
472 1980 619 2066 proxima
647 1978 834 2068 sejungunt,
864 1990 897 2046 et
925 1979 1141 2046 diversissima
1169 1983 1204 2047 in
1232 1983 1347 2052 eadem

89 2086 209 2151 vicinia
230 2084 316 2149 mele
337 2083 506 2150 collocant.

158 2186 227 2252 Nec
241 2196 317 2252 sunt
330 2186 496 2252 sententiae
515 2185 745 2252 Botanicorum
764 2185 869 2274 magis
887 2187 973 2253 inter
992 2209 1026 2254 sa
1046 2187 1225 2258 conformes
1238 2193 1348 2280 quoad
1429 2182 1436 2194 ’

90 2291 244 2357 classium
273 2288 515 2354 subdivisiones.
569 2289 683 2355 Altera
706 2299 799 2376 perte
823 2289 949 2356 Jussiaei
977 2291 1134 2358 habemus
1156 2295 1348 2362 methodum

90 2395 306 2482 antiquiorem
324 2391 607 2480 simplicissimam,
628 2391 792 2458 Oandollii
813 2394 1017 2474 mutationes,
1038 2406 1245 2484 nostramque
1268 2421 1348 2465 ana·

88 2498 234 2587 lytioam,
258 2518 331 2583 quse
351 2515 463 2560 omnes
477 2517 516 2559 ex
530 2495 671 2582 professo
689 2493 874 2560 artificiales
893 2506 987 2577 sunt3
1012 2497 1053 2562 ab
1072 2497 1175 2564 altera
1188 2501 1348 2588 Agervlhii

90 2623 191 2688 opera
200 2599 459 2666 aestumatissima
473 2596 722 2684 Bartlingiique,
734 2598 790 2684 qui
801 2598 887 2663 viam
903 2599 944 2664 ad
955 2599 1104 2665 meliores
1114 2623 1165 2668 res
1179 2626 1347 2692 apemers;

90 2726 219 2770 necnon
231 2700 484 2768 Reiohenbechii
498 2710 704 2786 conspectum
715 2698 933 2788 Sohultziique
947 2701 1193 2785 ordinationem,
1208 2729 1348 2794 quorum

91 2807 151 2874 iste
175 2807 313 2894 pessima
341 2806 396 2872 hic
418 2803 534 2870 melius
563 2801 735 2868 affinitates
763 2823 857 2868 veras
884 2802 1070 2892 plantarum
1098 2811 1280 2897 perspexit;
1311 2821 1350 2878 ut

92 2920 217 2976 taceam
237 2909 278 2976 de
299 2909 381 2976 aliis.

158 3013 208 3078 Re
237 3013 283 3078 ita
312 3033 346 3077 se
374 3011 497 3089 habita,
524 3009 647 3097 talique
677 3009 849 3076 Botanioes
878 3011 1098 3099 Systematicae
1125 3023 1221 3097 statu,
1252 3014 1349 3104 longe

91 3115 225 3203 majoris
242 3113 370 3180 videtur
386 3113 542 3179 momenti
564 3123 702 3200 systema
717 3114 866 3179 naturale
883 3115 1046 3201 perficere,
1064 3115 1236 3184 divisiones
1251 3119 1350 3186 inter-

93 3217 218 3282 medias
240 3238 312 3303 ques
336 3215 426 3281 haud
448 3215 557 3280 minus
579 3215 744 3282 naturales
764 3218 849 3282 erint
869 3239 969 3305 quam
990 3219 1153 3305 primaria
1172 3232 1204 3286 et
1225 3221 1350 3288 ultimas

91 3317 302 3398 instituendo,
325 3340 425 3405 quam
447 3337 547 3383 novos
572 3316 699 3383 ordines
727 3341 918 3407 proponere,
948 3320 989 3386 de
1015 3343 1153 3409 quorum
1178 3323 1348 3409 dignitate,

91 3432 264 3512 systemate
289 3422 359 3509 ipso
385 3419 583 3508 imperfecto,
612 3420 667 3486 vix
686 3421 902 3509 judicandum
928 3436 987 3490 est.
1039 3426 1090 3491 Dc
1117 3424 1170 3492 die
1198 3427 1233 3492 in
1261 3427 1349 3494 diem

91 3547 248 3592 numerus
261 3524 410 3591 ordinum
426 3523 508 3589 adeo
522 3533 671 3612 augetur,
686 3535 724 3591 ut
737 3548 857 3593 novum
872 3527 970 3594 chaos
983 3529 1141 3594 oriturum
1157 3529 1211 3595 vix
1225 3528 1348 3610 dubito,

92 3629 120 3694 si
133 3629 262 3718 longius
275 3629 376 3694 eciem
391 3626 559 3715 disponere
572 3639 771 3694 cunctemur.

160 3731 235 3797 Non
249 3731 305 3798 ille
319 3754 392 3798 sum
411 3731 553 3820 profecto
572 3731 628 3818 qui
647 3731 712 3797 tale
731 3731 873 3798 officium
895 3731 1032 3798 libenter
1053 3733 1265 3820 susciperem3
1290 3757 1349 3802 nec

92 3833 120 3899 si
135 3835 208 3921 quis
222 3846 304 3901 esset
317 3837 400 3901 inter
414 3834 487 3901 illos
501 3834 642 3901 scientia
656 3835 826 3922 magistros
840 3835 897 3922 qui
912 3835 1029 3900 nostris
1046 3833 1159 3900 diebus
1173 3846 1264 3902 tanta
1277 3837 1349 3904 luce

92 3937 285 4016 inclaruere,
307 3939 363 4025 qui
383 3937 495 4003 sedulo
517 3938 664 4002 animum
684 3937 719 4000 in
738 3936 801 4002 hoc
814 3936 957 4003 studium
971 3937 1188 4018 convertisset,
1204 3960 1349 4026 unquam

92 4041 300 4127 suscepissem
313 4065 321 4118 ;
344 4042 433 4106 fama
447 4041 534 4105 onim
548 4040 604 4105 vix
619 4039 778 4126 speranda
792 4050 851 4121 est,
866 4041 1058 4127 vituperatio
1073 4041 1179 4127 potius
1193 4041 1348 4121 timenda,

91 4145 128 4210 in
154 4145 281 4232 incepto
307 4165 371 4231 quo
395 4153 443 4208 tot
468 4143 614 4230 tantique
639 4142 701 4208 viri
722 4143 792 4230 jam
820 4143 1023 4208 succubuere.
1082 4141 1144 4208 Sed
1170 4143 1350 4231 periculum

93 4247 252 4326 imminet,
264 4257 333 4312 tota
347 4246 479 4310 scientia
492 4245 578 4310 mole
592 4245 658 4310 ruit
672 4266 749 4325 sua3
765 4267 827 4310 nec
842 4244 936 4310 video
950 4244 1051 4310 ullam
1067 4243 1166 4311 aliam
1182 4267 1249 4312 csse
1260 4268 1350 4333 spem

95 4347 216 4428 salutis,
229 4369 327 4435 quam
340 4370 451 4413 omnes
461 4359 569 4436 partos
580 4348 758 4436 systematis
772 4345 959 4413 artificiosas
971 4347 1153 4435 rejiciendo,
1169 4370 1351 4435 novamque

94 4447 245 4515 ordinum
267 4450 523 4517 distributionem
539 4473 613 4517 vere
634 4449 818 4516 naturalem
840 4447 1071 4516 substituendo.
1118 4449 1152 4516 Si
1172 4449 1302 4516 nullum
1316 4452 1351 4518 in

94 4562 232 4640 systema
258 4553 405 4621 naturale
437 4553 669 4641 perficiendum
695 4574 852 4620 conamen
883 4552 1048 4638 hucusque
1074 4549 1208 4620 feliciter
1233 4553 1351 4634 evenit,
