3076 5002
793 203 826 270 iv

187 431 375 501 persuasum
389 410 470 478 mihi
486 409 589 477 habeo
608 409 643 476 in
663 431 700 475 eo
719 417 779 490 est,
799 407 886 496 quod
903 409 1017 497 saepius
1031 405 1193 496 proposita
1206 407 1357 494 quadam
1373 407 1453 474 lus·
1491 414 1493 486 l

188 517 309 582 sioeana
333 515 375 582 de
403 514 628 580 characterum
650 513 760 578 valore
784 533 844 600 pro
869 511 1053 577 certissimis
1077 511 1188 576 habita
1208 511 1349 590 fuerunt,
1376 533 1454 597 quae

187 618 400 683 nihilominus
421 618 505 682 inter
526 615 733 682 fallacissima
753 614 905 680 habenda
926 625 1011 679 sunt.
1055 613 1148 678 Talia
1169 615 1346 701 praesertim
1373 624 1455 678 sunt

185 723 384 809 periqynesie
400 731 433 786 et
451 721 678 806 hypoyynesia3
701 719 901 784 characteres
920 715 1069 802 equidem
1089 716 1196 795 utiles,
1219 727 1252 782 et
1272 739 1330 804 pro
1352 739 1453 803 gene-

191 823 281 889 ribus
306 823 359 890 vel
387 825 486 889 etiam
514 823 679 888 ordinibus
704 820 902 888 stabiliendis
929 842 1054 908 graves,
1085 820 1141 886 sed
1170 821 1226 885 vix
1254 821 1455 885 affinitatum

192 925 384 993 ulteriorum
399 927 529 1005 indicia,
545 947 605 991 nec
618 927 680 990 nisi
694 927 854 990 rarissime
866 923 908 989 ad
919 923 1150 989 subdivisiones
1164 923 1314 990 classium
1330 923 1453 988 idonei.

261 1028 472 1095 Characteres
492 1027 690 1116 hujusmodi,
711 1027 832 1093 scilicet
852 1027 1066 1114 hypogynesis
1088 1036 1121 1090 et
1141 1027 1349 1113 perigynesis,
1367 1027 1456 1091 inter

194 1132 215 1198 J
218 1131 389 1198 usdaeanos
406 1129 676 1210 fundamentales,
696 1135 768 1196 meo‘
783 1151 877 1196 sensu
894 1141 969 1194 sunt
983 1135 1080 1214 quam
1104 1128 1246 1193 maxime
1265 1128 1395 1208 lubrici,
1419 1141 1456 1196 ut

195 1255 263 1299 non
276 1232 383 1299 dicam
394 1232 506 1298 dolosi.
550 1233 595 1298 Ε.
608 1256 642 1320 9.
660 1233 817 1298 Mimosas
830 1232 986 1297 habemus
1000 1232 1189 1318 hypogynas
1201 1231 1286 1296 inter
1301 1231 1455 1318 Legumi-

195 1358 290 1404 nosas
305 1337 420 1423 saepius
433 1335 615 1424 perigynas,
631 1346 679 1400 tot
693 1335 952 1423 Saxifragearum
967 1334 1156 1422 hypogynas
1175 1343 1254 1418 quot
1268 1335 1454 1421 perigynas,

197 1438 509 1527 Caryophyllearum
525 1461 628 1526 genus
651 1439 825 1504 Larbream
847 1440 1037 1526 perigynam
1058 1436 1167 1502 medio
1188 1436 1291 1502 turbae
1308 1437 1457 1525 hypogy-

198 1564 327 1622 narum,
348 1540 552 1628 plurimaque
566 1542 632 1608 alia
645 1543 761 1627 cuique
782 1542 938 1607 Botanico
952 1542 1101 1629 cognitae
1124 1561 1185 1604 nec
1204 1539 1457 1626 intelligendum

199 1655 247 1712 est
264 1668 365 1733 quare
386 1643 518 1710 adhesio
539 1644 781 1710 {ilementorum
801 1666 877 1710 cum
900 1643 979 1710 tubo
1001 1644 1129 1732 calycis,
1153 1645 1269 1731 saepius
1289 1644 1345 1712 rix
1366 1643 1457 1709 dete·

199 1748 318 1838 genda,
333 1747 416 1814 tanti
430 1747 470 1812 sit
483 1748 640 1812 momenti
654 1757 692 1813 ut
704 1747 826 1812 formas
840 1747 970 1814 dirimet
984 1748 1078 1813 aliter
1092 1748 1285 1814 simillimas.

267 1854 337 1920 Nec
361 1851 469 1916 minus
494 1851 602 1938 gravis
623 1861 672 1917 est
695 1873 785 1918 error
805 1851 922 1916 millies
948 1851 1112 1937 repetitus,
1136 1851 1355 1918 characterem
1378 1850 1459 1915 dare

200 1956 385 2035 sectionem,
415 1975 476 2020 nec
503 1955 679 2021 sectionem
707 1955 937 2022 characterem.
996 1954 1086 2019 Num
1115 1954 1234 2041 dogma
1264 1952 1346 2018 illud
1375 1957 1459 2019 reci·

200 2058 357 2146 piendum
385 2057 425 2122 sit
453 2059 585 2124 omnino
609 2082 648 2124 ex
671 2069 788 2124 natura
813 2057 1005 2123 characteris
1033 2057 1173 2144 pendere
1197 2056 1326 2122 videtur
1338 2083 1347 2137 ;
1380 2057 1459 2123 cha-

202 2171 307 2228 racter
320 2161 346 2226 si
360 2158 623 2241 fundamentalis,
640 2160 804 2228 absolutus
823 2171 881 2240 est,
899 2170 931 2225 et
945 2161 1118 2225 sectionem
1130 2159 1261 2239 definit;
1286 2161 1312 2224 si
1326 2160 1459 2226 levioris

201 2265 244 2330 sit
258 2263 420 2349 ponderis,
436 2263 478 2327 ad
488 2263 643 2329 sectiones
655 2263 843 2330 limitandas
857 2285 973 2351 parum
989 2273 1037 2327 est
1050 2262 1195 2343 idoneus,
1209 2273 1242 2328 et
1251 2262 1457 2351 rejiciendus.

204 2367 250 2432 Ε.
277 2389 312 2453 y.
342 2365 570 2453 endogeneitas
599 2377 648 2432 eat
674 2367 841 2432 character
872 2366 1146 2453 Endogenarum;
1181 2367 1254 2452 quis
1283 2365 1459 2431 Smilacem

204 2471 454 2536 Dioscoreamve
472 2469 523 2534 his
543 2470 729 2558 expelleret,
752 2471 829 2556 quia
847 2471 944 2535 facies
963 2492 1076 2534 aarum
1099 2479 1147 2534 est
1169 2469 1381 2558 Menispermi
1405 2471 1460 2536 vel

204 2573 459 2661 Euphorbiaceae
493 2572 685 2661 cujusdam?
740 2574 900 2639 Praeterea
934 2575 1087 2660 affinitas,
1121 2573 1266 2638 methodi
1301 2572 1462 2638 naturalis

204 2675 464 2756 fundamentum,
480 2677 562 2741 nihil
577 2687 625 2742 ast
639 2677 701 2742 nisi
715 2676 938 2742 characterum
952 2678 1162 2764 congruentia
1177 2675 1406 2756 essentialium,
1422 2687 1463 2742 ut

204 2780 355 2866 anoloqia
375 2778 634 2846 accidentalium.

271 2881 358 2958 Quid
383 2882 484 2968 igitur
507 2882 697 2946 essentiale?
720 2891 752 2946 et
775 2881 939 2968 quomodo
962 2883 1047 2947 inter
1071 2883 1212 2950 diversos
1237 2883 1358 2971 gradus
1383 2885 1464 2948 cha-

206 2995 367 3051 racterum
390 2984 650 3069 distinguamus?
708 2983 792 3049 Ecce
821 2984 1016 3065 difficultas3
1052 2989 1118 3050 non
1142 2987 1259 3066 verbis,
1287 2987 1341 3052 sed
1366 3009 1461 3072 expe-

202 3087 322 3153 rientia
350 3087 420 3152 sola
448 3085 611 3152 solvenda.
667 3087 771 3152 Dictis
794 3109 906 3152 eorum
932 3089 1066 3153 minime
1090 3091 1226 3154 assentio
1250 3091 1307 3175 qui
1330 3090 1461 3156 charac-

202 3203 313 3264 terum
331 3188 474 3256 valorem
491 3190 630 3277 apriore
645 3190 929 3257 determinandum
948 3202 1077 3278 putant,
1095 3203 1127 3256 et
1140 3191 1278 3280 gradum
1295 3192 1466 3280 dignitatis

204 3295 324 3383 gradui
352 3294 541 3360 evolutionis
571 3316 683 3379 parem
709 3303 865 3360 statuunt.
924 3295 953 3358 E
979 3297 1150 3374 contrario,
1179 3296 1240 3358 hoc
1269 3295 1374 3359 solum
1403 3319 1469 3382 pro

207 3404 295 3460 certo
308 3392 477 3470 habemus,
493 3392 691 3457 characteres
703 3391 937 3479 physiologicos
951 3394 1049 3458 nullis
1060 3397 1305 3480 postponendos,
1318 3409 1355 3463 ut
1369 3421 1470 3465 sexus

203 3495 377 3584 ¹praesentia
387 3495 440 3559 vel
451 3495 605 3574 absentia,
617 3495 859 3580 germinationis
871 3496 922 3561 vel
932 3497 1096 3561 crescendi
1110 3499 1237 3578 modus,
1254 3511 1286 3565 et
1300 3505 1472 3568 anatomia

209 3600 337 3663 interna
364 3607 573 3678 truncorum3
612 3618 786 3683 omnesque
813 3597 903 3676 alios,
939 3599 1005 3664 sive
1034 3622 1052 3663 e
1080 3601 1168 3676 floris
1197 3613 1367 3681 structura,
1397 3605 1471 3670 sive

209 3701 344 3780 fructus,
359 3701 426 3766 sive
447 3700 608 3766 seminum
629 3699 807 3765 aliorumve
822 3701 975 3786 partium,
992 3724 1079 3767 nunc
1097 3725 1212 3790 graves
1228 3727 1314 3769 nunc
1328 3704 1472 3773 leviores

211 3825 278 3870 esse
292 3804 327 3868 in
342 3803 474 3869 diversis
496 3804 587 3889 regni
608 3802 795 3890 vegetabilis
814 3805 1008 3890 regionibus,
1030 3805 1070 3869 ob
1085 3828 1197 3872 causas
1211 3810 1376 3894 hucusque
1396 3832 1470 3874 orn-

210 3907 290 3972 nino
308 3907 445 3993 ignotas.
487 3905 587 3970 Verbi
603 3927 711 3985 causa,
731 3907 910 3994 epigynesis
924 3909 1042 3974 florum
1057 3909 1142 3975 inter
1156 3911 1357 3998 Compositas
1375 3911 1470 3978 absos

210 4008 282 4074 luta
303 4019 351 4073 est
372 4018 404 4072 et
424 4008 556 4073 omnino
582 4008 647 4073 illis
669 4009 788 4095 plantis
811 4010 996 4090 essentialis,
1024 4013 1145 4078 Ericeis
1170 4015 1304 4080 minoris
1327 4027 1376 4081 est
1396 4038 1471 4080 mo-

212 4110 314 4178 menti
328 4110 483 4176 Vaccinio
505 4121 596 4190 teste,
612 4110 809 4198 Saxifrageis
830 4112 924 4177 nihili
946 4125 1012 4193 est;
1037 4116 1209 4180 albuminis
1232 4139 1353 4204 magna
1374 4119 1472 4204 copia

212 4214 385 4301 embryone
400 4213 535 4277 minimo
550 4215 715 4294 comitata,
731 4214 919 4280 divisionem
935 4219 1124 4302 primariam
1142 4219 1472 4306 Dicotyledonearum

211 4315 469 4403 polypetalarum
494 4317 686 4382 constituere
712 4316 850 4396 videtur,
876 4320 932 4383 sed
958 4321 1042 4384 inter
1066 4321 1291 4407 Monopetalas
1310 4346 1398 4389 mere
1421 4335 1473 4389 est

211 4418 427 4497 accidentalis,
444 4430 480 4484 ut
495 4418 718 4484 Orobancheis
734 4421 982 4508 Pyrolaceisque
996 4424 1162 4510 probatur.

279 4521 340 4586 llis
354 4522 538 4608 praemissis,
554 4523 652 4588 verba
667 4524 860 4609 paucissima
875 4524 982 4590 dicam
997 4527 1037 4592 de
1053 4539 1232 4615 systemate.
